@book{myers2011art,
	title={The art of software testing},
	author={Myers, Glenford J and Sandler, Corey and Badgett, Tom},
	year={2011},
	publisher={John Wiley \& Sons}
}
@book{automation2009,
        title={Springer Handbook of Automation},
	author={Shimon Y. Nof},
	year={2009},
	publisher={Springer}
}
@book{CCEncyclopedia,
        title={Encyclopedia of Computer Science and Technology},
	author={Harry Henderson},
	year={2002},
	publisher={Facts on File}
}
@book{empiricalStudies,
        title={Empirical Studies of Programmers: Sixth Workshop},
	author={Wayne D. Gray, Deborah Ann Boehm-Davis},
	year={1996},
	publisher={Ablex Pub Ablex Pub }
}
@article{automationlevels,
	title={A Model for Types and Levels of Human Interaction
with Automation},
	author={Raja Parasuraman, Thomas B. Sheridan, Fellow, IEEE, and Christopher D. Wickens},
	journal={IEEE Systems, Man, and Cybernetics Society},
	volume={1},
	number={1},
	pages={286--297},
	year={2000}
}
@article{auto2008precision,
	title={Impacts of Automation on Precision},
	author={M. Alkan Donmez, Johannes A. Soons},
	journal={researchGate},
	volume={1},
	number={1},
	pages={117--126},
	year={2008}
}
@misc{BlocklyFAQ,
	title={Google blockly Frequently Asked Questions},
	howpublished={\url{https://developers.google.com/blockly/about/faq}},
	note={Accessed:},
	year={2015}
}
@misc{testautomationdesign,
	title={An Introduction to Test Automation Design},
	howpublished={\url{http://lisacrispin.com/downloads/RFArticle.pdf}},
	note={Accessed:},
	year={2010}
}

